@inproceedings{mydlarz2014implementation,
  title={The implementation of mems microphones for urban sound sensing},
  author={Mydlarz, Charlie and Nacach, Samuel and Roginska, Agnieszka and Park, Tae Hong and Rosenthal, Eric and Temple, Michelle},
  booktitle={Audio Engineering Society Convention 137},
  year={2014},
  organization={Audio Engineering Society}
}


@inproceedings{mydlarz2014design,
  title={The design of urban sound monitoring devices},
  author={Mydlarz, Charlie and Nacach, Samuel and Park, Tae Hong and Roginska, Agnieszka},
  booktitle={Audio Engineering Society Convention 137},
  year={2014},
  organization={Audio Engineering Society}
}

@misc{espnow, title={NOW¶}, url={https://docs.espressif.com/projects/esp-idf/en/latest/esp32/api-reference/network/esp_now.html}, journal={ESP}}


@misc{esplr, title={Wi-Fi¶}, url={https://docs.espressif.com/projects/esp-idf/en/latest/esp32/api-reference/network/esp_wifi.html}, journal={ESP}}


@inproceedings{maier2017comparative,
  title={Comparative analysis and practical implementation of the ESP32 microcontroller module for the internet of things},
  author={Maier, Alexander and Sharp, Andrew and Vagapov, Yuriy},
  booktitle={2017 Internet Technologies and Applications (ITA)},
  pages={143--148},
  year={2017},
  organization={IEEE}
}

@article{mydlarz2019life,
  title={The life of a new york city noise sensor network},
  author={Mydlarz, Charlie and Sharma, Mohit and Lockerman, Yitzchak and Steers, Ben and Silva, Claudio and Bello, Juan Pablo},
  journal={Sensors},
  volume={19},
  number={6},
  pages={1415},
  year={2019},
  publisher={Multidisciplinary Digital Publishing Institute}
}

@incollection{bello2018sound,
  title={Sound analysis in smart cities},
  author={Bello, Juan Pablo and Mydlarz, Charlie and Salamon, Justin},
  booktitle={Computational Analysis of Sound Scenes and Events},
  pages={373--397},
  year={2018},
  publisher={Springer}
}

@article{gubbi2013internet,
  title={Internet of Things (IoT): A vision, architectural elements, and future directions},
  author={Gubbi, Jayavardhana and Buyya, Rajkumar and Marusic, Slaven and Palaniswami, Marimuthu},
  journal={Future generation computer systems},
  volume={29},
  number={7},
  pages={1645--1660},
  year={2013},
  publisher={Elsevier}
}

@inproceedings{poulter2015using,
  title={Using the MEAN stack to implement a RESTful service for an Internet of Things application},
  author={Poulter, Andrew John and Johnston, Steven J and Cox, Simon J},
  booktitle={2015 IEEE 2nd World Forum on Internet of Things (WF-IoT)},
  pages={280--285},
  year={2015},
  organization={IEEE}
}
















@article{fortnow2009viewpoint,
  title={Viewpoint Time for computer science to grow up},
  author={Fortnow, Lance},
  journal={Communications of the ACM},
  volume={52},
  number={8},
  pages={33--35},
  year={2009},
  publisher={ACM}
}

@incollection{knuth1983simple,
  title={Simple word problems in universal algebras},
  author={Knuth, Donald E and Bendix, Peter B},
  booktitle={Automation of Reasoning: Classical papers on computational logic 1957--1966},
  editor = {Siekmann, Jörg H.  and Wrightson, Graham},
  pages={342--376},
  year={1983},
  publisher={Springer}
}

@book{lamport,
  title={LaTEX: A Document Preparation System},
  author={Lamport, Leslie},
  year={1986},
  publisher={Addison-Wesley}
}

@misc{bib,
author = {Oren Patashnik},
title={{BibTeXing}},
howpublished={Dosegljivo: \url{http://bibtexml.sourceforge.net/btxdoc.pdf}},
note = {[Dostopano 5. 6. 2016]},
year = 1988
}

@misc{pdfa,
key = {pdfa},
title={{PDF/A}},
howpublished={Dosegljivo: \url{http://en.wikipedia.org/wiki/PDF/A}},
note = {[Dostopano: 5. 6. 2016]},
year = 2005
}

@article{leonardo,
  title={15 seconds of fame},
  author={Solina, Franc},
  journal={Leonardo},
  volume={37},
  number={2},
  pages={105--110},
  year={2004},
  publisher={MIT Press}
}

@incollection{poglavje_springer,
  title={Art---A Perfect Testbed for Computer Vision Related Research},
  author={Peer, Peter and Batagelj, Borut},
  booktitle={Recent Advances in Multimedia Signal Processing and Communications},
  pages={611--629},
  year={2009},
  publisher={Springer}
}

@misc{video,
title={Light Fountain---an interactive art installation},
author = {Franc Solina},
howpublished={Dosegljivo: \url{https://youtu.be/CS6x-QwJywg}},
note = {[Dostopano: 9. 10. 2015]},
year = 2015
}

@techreport{andersen2012kinect,
  title={Kinect depth sensor evaluation for computer vision applications},
  author={Andersen, Michael Riis and Jensen, Thomas and Lisouski, Pavel and Mortensen, Anders Krogh and Hansen, Mikkel Kragh and Gregersen, Torben and Ahrendt, Peter},
  year={2012},
  institution={Department of Engineering, Aarhus University}
}

@techreport{diploma,
Title                    = {Vizualizacija},
Author                = {Balon, Andreja},
institution            = {Fakulteta za elektrotehniko in ra\v{c}unalni\v{s}tvo, Univerza v Ljubljani},
Year                    = {1990},
type                    = {Diplomska naloga}
}

@misc{nenajkrajsi,
title={Ne najkraj\v{s}i uvod v {\LaTeX 2$\epsilon$}},
author = {Tobias Oetiker and Hubert Partl and Irene Hyna and Elisabeth Schlegl},
howpublished={Dosegljivo: \url{http://www-lp.fmf.uni-lj.si/plestenjak/vaje/latex/lshort.pdf}},
note = {[Dostopano: 1. 10. 2016]},
year = 2006
}

@misc{slovarcek,
title={{DIS} slovarček, slovar računalniških izrazov, verzija 2.1.70},
author = {Matjaž Gams (ured.)},
howpublished={Dosegljivo: \url{http://dis-slovarcek.ijs.si}},
note = {[Dostopano: 1. 10. 2016]},
}

@misc{knuth,
title={Donald Knuth},
key = {Donald Knuth},
howpublished={Dosegljivo: \url{https://sl.wikipedia.org/wiki/Donald_Knuth}},
note = {[Dostopano: 1. 10. 2016]},
}


